
%%%%%%%%%%%%%%%%%%%%%%%%%%%%%%%%%%%%%%%%%%%%%%%%%%%%%%%%%%%%%%%%%%%%%%%%%%%%%%
%%%%%%%%%%%%%%%%%%%%%%%%%%% NUMERICAL METHODS %%%%%%%%%%%%%%%%%%%%%%%%%%%%%%%%
%%%%%%%%%%%%%%%%%%%%%%%%%%%%%%%%%%%%%%%%%%%%%%%%%%%%%%%%%%%%%%%%%%%%%%%%%%%%%%

@book{leveque_fdm,
  title={Finite difference methods for ordinary and partial differential equations: steady-state and time-dependent problems},
  author={LeVeque, Randall J},
  year={2007},
  publisher={SIAM}
}

@misc{num_methods_mit,
  title={Math, Numerics, \& Programming (for Mechanical Engineers)},
  author={Yano, Masayuki and Penn, James Douglass and Konidaris, George and Patera, Anthony T},
  year={2012},
  publisher={MIT Cambridge, MA}
}

%%%%%%%%%%%%%%%%%%%%%%%%%%%%%%%%%%%%%%%%%%%%%%%%%%%%%%%%%%%%%%%%%%%%%%%%%%%%%%
%%%%%%%%%%%%%%%%%%%%%%%%%%% NUMERICAL OPTIMIZATION %%%%%%%%%%%%%%%%%%%%%%%%%%%%%%%%
%%%%%%%%%%%%%%%%%%%%%%%%%%%%%%%%%%%%%%%%%%%%%%%%%%%%%%%%%%%%%%%%%%%%%%%%%%%%%%


@book{kochenderfer2019algorithms,
  title={Algorithms for optimization},
  author={Kochenderfer, Mykel J and Wheeler, Tim A},
  year={2019},
  publisher={Mit Press}
}